<?xml version="1.0" encoding="UTF-8"?><collection xmlns="http://www.loc.gov/MARC21/slim"><record><leader>00510nam--2200157-i-4500</leader><controlfield tag="001">000001054</controlfield><controlfield tag="002">20161230</controlfield><controlfield tag="005">20161230201024</controlfield><controlfield tag="008">060222s1000------------r-----000-0-eng-d</controlfield><datafield ind1=" " ind2=" " tag="080"><subfield code="a">51.7:53</subfield></datafield><datafield ind1=" " ind2=" " tag="100"><subfield code="a">Hermann,Robert</subfield></datafield><datafield ind1=" " ind2=" " tag="245"><subfield code="a">Geometry, physics and systems</subfield></datafield><datafield ind1=" " ind2=" " tag="260"><subfield code="a">New York, Marcel Dekker, Inc., 1973. X + 304 P</subfield></datafield><datafield ind1=" " ind2=" " tag="490"><subfield code="a">Pure And Applied Mathematics,A Sereis Of Monographs And Textbooks.Coordinator Of The Editorial Board,S.Kobayashi</subfield></datafield><datafield ind1=" " ind2=" " tag="852"><subfield code="a">39411</subfield><subfield code="c">513.83</subfield></datafield><datafield ind1=" " ind2=" " tag="CAT"><subfield code="a">Sys</subfield><subfield code="c">20080606</subfield><subfield code="h">105812</subfield></datafield></record></collection>